@online{multithreading-comparison,
    author = {Scott R. Taylor Diane J. Cook Krishna M. Kavi David Levine},
    title = "A Comparison of Multithreading Implementations",
    url = "https://citeseerx.ist.psu.edu/viewdoc/download?doi=10.1.1.57.728&rep=rep1&type=pdf"
}

@online{5-parallel-models,
    author = {Ensar Ajkunic Hana Fatkic Emina Omerovic Kristina Talic Novica Nosovic},
    title = "A Comparison of Five Parallel Programming Models for C++",
    url = "https://www.researchgate.net/publication/261424700_A_comparison_of_five_parallel_programming_models_for_C"
}

@online{threading-models,
    author = {Solmaz Salehian Jiawen Liu Yonghong Yan},
    title = "Comparison of Threading Programming Models",
    url = "https://par.nsf.gov/servlets/purl/10050480"
}

@misc{lorem-ipsum,
  title = {Lorem Ipsum},
  howpublished = {\url{https://loremipsum.io/}},
}